<record><leader>00000cas a22000007a 4500</leader><controlfield tag="001">10742280</controlfield><controlfield tag="008">840517d19801988sduwr ne      0   a0eng d</controlfield><datafield ind1=" " ind2=" " tag="010"><subfield code="a">sn 84008401 </subfield></datafield><datafield ind1=" " ind2=" " tag="040"><subfield code="a">NSD</subfield><subfield code="b">eng</subfield><subfield code="c">NSD</subfield><subfield code="d">SXN</subfield><subfield code="d">OCLCQ</subfield><subfield code="d">OCLCF</subfield><subfield code="d">OCLCO</subfield></datafield><datafield ind1=" " ind2=" " tag="012"><subfield code="j">0</subfield><subfield code="m">d</subfield></datafield><datafield ind1="1" ind2=" " tag="022"><subfield code="a">0747-3257</subfield><subfield code="l">0747-3257</subfield><subfield code="2">1</subfield></datafield><datafield ind1="1" ind2=" " tag="029"><subfield code="a">AU@</subfield><subfield code="b">000020128467</subfield></datafield><datafield ind1=" " ind2=" " tag="037"><subfield code="b">Wakonda Times Observer, Box 357, Wakonda, SD 57073</subfield></datafield><datafield ind1=" " ind2=" " tag="042"><subfield code="a">nsdp</subfield></datafield><datafield ind1=" " ind2=" " tag="043"><subfield code="a">n-us-sd</subfield></datafield><datafield ind1=" " ind2="0" tag="222"><subfield code="a">Wakonda times observer</subfield></datafield><datafield ind1="0" ind2="0" tag="245"><subfield code="a">Wakonda times-observer.</subfield></datafield><datafield ind1="3" ind2="0" tag="246"><subfield code="a">Missouri Valley observer</subfield></datafield><datafield ind1="3" ind2="0" tag="246"><subfield code="a">Sunday observer</subfield></datafield><datafield ind1="1" ind2=" " tag="246"><subfield code="i">Issue for July 5, 1985 has title:</subfield><subfield code="a">Missouri Valley Wakonda times observer</subfield></datafield><datafield ind1="1" ind2="7" tag="246"><subfield code="a">Observer</subfield></datafield><datafield ind1="1" ind2="7" tag="246"><subfield code="a">Times-observer</subfield></datafield><datafield ind1=" " ind2=" " tag="260"><subfield code="a">Gayville, S.D. :</subfield><subfield code="b">Ink Inc.,</subfield><subfield code="c">1980-1988.</subfield></datafield><datafield ind1=" " ind2=" " tag="310"><subfield code="a">Weekly</subfield></datafield><datafield ind1="0" ind2=" " tag="362"><subfield code="a">Vol. 6, no. 38 (May 2, 1980)-v. 14, no. 44 (Nov. 26, 1988).</subfield></datafield><datafield ind1=" " ind2=" " tag="500"><subfield code="a">Published in: Gayville, 1980-July 26, 1985, and in: Yankton, Aug. 2, 1985-1988.</subfield></datafield><datafield ind1=" " ind2=" " tag="530"><subfield code="a">Available on microfilm from: State Archives, South Dakota State Historical Society.</subfield></datafield><datafield ind1=" " ind2=" " tag="580"><subfield code="a">Absorbed a part of: Observer (Gayville, S.D.).</subfield></datafield><datafield ind1=" " ind2="0" tag="651"><subfield code="a">Wakonda (S.D.)</subfield><subfield code="v">Newspapers.</subfield></datafield><datafield ind1=" " ind2="0" tag="651"><subfield code="a">Clay County (S.D.)</subfield><subfield code="v">Newspapers.</subfield></datafield><datafield ind1=" " ind2="7" tag="655"><subfield code="a">Newspapers.</subfield><subfield code="2">fast</subfield><subfield code="0">(OCoLC)fst01423814</subfield></datafield><datafield ind1=" " ind2="7" tag="651"><subfield code="a">South Dakota</subfield><subfield code="z">Clay County.</subfield><subfield code="2">fast</subfield><subfield code="0">(OCoLC)fst01215573</subfield></datafield><datafield ind1=" " ind2="7" tag="651"><subfield code="a">South Dakota</subfield><subfield code="z">Wakonda.</subfield><subfield code="2">fast</subfield><subfield code="0">(OCoLC)fst01232940</subfield></datafield><datafield ind1=" " ind2=" " tag="752"><subfield code="a">United States</subfield><subfield code="b">South Dakota</subfield><subfield code="c">Yankton</subfield><subfield code="d">Yankton.</subfield></datafield><datafield ind1=" " ind2=" " tag="752"><subfield code="a">United States</subfield><subfield code="b">South Dakota</subfield><subfield code="c">Yankton</subfield><subfield code="d">Gayville.</subfield></datafield><datafield ind1="0" ind2="0" tag="780"><subfield code="t">Times (Wakonda, S.D.)</subfield><subfield code="w">(DLC)sn 98062824</subfield></datafield><datafield ind1="0" ind2="0" tag="785"><subfield code="t">Wakonda times (Vermillion, S.D. : 1988)</subfield><subfield code="x">1054-3449</subfield><subfield code="w">(DLC)sn 90005278</subfield></datafield><datafield ind1="1" ind2=" " tag="787"><subfield code="t">Observer (Gayville, S.D.)</subfield><subfield code="w">(DLC)sn 99062887</subfield></datafield><datafield ind1=" " ind2=" " tag="936"><subfield code="a">July 5, 1985</subfield></datafield></record>